<?xml version="1.0" encoding="UTF-8"?><record xmlns="http://www.loc.gov/MARC21/slim" xmlns:cinclude="http://apache.org/cocoon/include/1.0" xmlns:zs="http://www.loc.gov/zing/srw/">
  <leader>00390cz  a2200145n  4500</leader>
  <controlfield tag="001">no 95049366 </controlfield>
  <controlfield tag="003">DLC</controlfield>
  <controlfield tag="005">20071130075146.0</controlfield>
  <controlfield tag="008">951017n| acannaab           |n aaa     c</controlfield>
  <datafield tag="010" ind1=" " ind2=" ">
    <subfield code="a">no 95049366 </subfield>
  </datafield>
  <datafield tag="035" ind1=" " ind2=" ">
    <subfield code="a">(OCoLC)oca03939688</subfield>
  </datafield>
  <datafield tag="040" ind1=" " ind2=" ">
    <subfield code="a">InU</subfield>
    <subfield code="c">InU</subfield>
    <subfield code="d">DLC</subfield>
  </datafield>
  <datafield tag="053" ind1=" " ind2="0">
    <subfield code="a">PL56.9.E35</subfield>
  </datafield>
  <datafield tag="100" ind1="1" ind2="0">
    <subfield code="a">Ėgamnazarov, Alinazar</subfield>
  </datafield>
  <datafield tag="670" ind1=" " ind2=" ">
    <subfield code="a">Siz bilgan Dukchi Ėshon, 1994:</subfield>
    <subfield code="b">t.p. (Alinazar Ėgamnazarov)</subfield>
  </datafield>
</record>